%% This BibTeX bibliography file was created using BibDesk.
%% https://bibdesk.sourceforge.io/

%% Created for DAVE CLARK at 2024-01-15 09:02:21 -0500 


%% Saved with string encoding Unicode (UTF-8) 



@article{Lake92,
	author = {David A. Lake},
	date-added = {2024-01-14 17:06:30 -0500},
	date-modified = {2024-01-14 17:08:01 -0500},
	journal = {American Political Science Review},
	month = {March},
	number = 1,
	pages = {24-37},
	title = {Powerful Pacifists: Democratic States and War},
	volume = 86,
	year = 1992}

@article{berry2012improving,
	author = {Berry, William D and Golder, Matt and Milton, Daniel},
	date-added = {2024-01-12 13:28:05 -0500},
	date-modified = {2024-01-12 13:28:05 -0500},
	journal = {Journal of Politics},
	number = {3},
	pages = {653-671},
	title = {Improving Tests Of Theories Positing Interaction},
	volume = {74},
	year = {2012}}

@article{brambor2006understanding,
	author = {Brambor, T. and Clark, W.R. and Golder, M.},
	date-added = {2024-01-12 13:27:20 -0500},
	date-modified = {2024-01-12 13:27:20 -0500},
	journal = {Political Analysis},
	number = {1},
	pages = {63--82},
	publisher = {SPM-PMSAPSA},
	title = {Understanding interaction models: Improving empirical analyses},
	volume = {14},
	year = {2006}}

@article{king1986lie,
	author = {Gary King},
	date-added = {2024-01-12 13:26:45 -0500},
	date-modified = {2024-01-12 13:32:04 -0500},
	journal = {American Journal of Political Science},
	number = {3},
	pages = {666-687},
	title = {How Not to Lie with Statistics: Avoiding Common Mistakes in Quantitative Political Science},
	volume = {30},
	year = {1986}}
