%% This BibTeX bibliography file was created using BibDesk.
%% https://bibdesk.sourceforge.io/

%% Created for David Clark at 2024-03-21 19:40:49 -0400 


%% Saved with string encoding Unicode (UTF-8) 



@article{RCNS_RP2016,
	author = {Reed, William and Clark, David and Timothy Nordstrom and Daniel Siegel},
	date-added = {2024-03-21 19:40:21 -0400},
	date-modified = {2024-03-21 19:40:21 -0400},
	journal = {Research \& Politics},
	pages = {1-9},
	title = {Bargaining in the Shadow of a Commitment Problem},
	volume = {July-September},
	year = {2016}}

@article{CFN_PSQ2016,
	author = {David H. Clark and Benjamin O. Fordham and Timothy Nordstrom},
	date-added = {2024-03-21 11:16:00 -0400},
	date-modified = {2024-03-21 11:16:00 -0400},
	journal = {Presidential Studies Quarterly},
	title = {Political Party and Presidential Decisions to Use Force: Explaining a Puzzling Non-Finding},
	year = {2016}}

@article{clark2005democratic,
	author = {Clark, D.H. and Nordstrom, T.},
	date-added = {2024-03-21 11:16:00 -0400},
	date-modified = {2024-03-21 11:16:00 -0400},
	issn = {1468-2508},
	journal = {Journal of Politics},
	number = {1},
	pages = {250--270},
	publisher = {Wiley Online Library},
	title = {Democratic Variants and Democratic Variance: How Domestic Constraints Shape Interstate Conflict},
	volume = {67},
	year = {2005}}

@article{clarkagree,
	author = {Clark, David H.},
	date-added = {2024-03-21 11:16:00 -0400},
	date-modified = {2024-03-21 11:16:00 -0400},
	journal = {Political Research Quarterly},
	number = {2},
	optmonth = {June},
	pages = {375--401},
	title = {Agreeing to Disagree: Domestic Institutional Congruence, and US Dispute Behavior},
	volume = {53},
	year = {2000}}

@article{clarkfordhamnordstromjop11,
	author = {Clark, David H. and Fordham, Benjamin O. and Timothy Nordstrom},
	date-added = {2024-03-21 11:16:00 -0400},
	date-modified = {2024-03-21 11:16:00 -0400},
	journal = {Journal of Politics},
	number = {1},
	pages = {248-264},
	title = {Preying on the Misfortune of Others: When Do States Exploit Their Opponents' Domestic Troubles?},
	volume = {73},
	year = {2011}}

@article{clarkhartajps,
	author = {David H. Clark and Robert A. Hart},
	date-added = {2024-03-21 11:16:00 -0400},
	date-modified = {2024-03-21 11:16:00 -0400},
	journal = {American Journal of Political Science},
	number = {4},
	pages = {1335-1342},
	title = {Controlling Duration Dependence in Conflict Analyses: A Replication and Extension of `Regime Types and Status Quo Evaluations'},
	volume = {42},
	year = {1998}}

@article{clarknordisqcv,
	author = {Clark, David H. and Timothy Nordstrom},
	date-added = {2024-03-21 11:16:00 -0400},
	date-modified = {2024-03-21 11:16:00 -0400},
	journal = {International Studies Quarterly},
	number = {3},
	pages = {417-429},
	title = {Risky Inference: Unobserved Treatment Effects in Conflict Studies},
	volume = {47},
	year = {2003}}

@article{clarkreedajps05,
	author = {Clark, David H. and William Reed},
	date-added = {2024-03-21 11:16:00 -0400},
	date-modified = {2024-03-21 11:16:00 -0400},
	journal = {American Journal of Political Science},
	number = {3},
	pages = {609-624},
	title = {The Strategic Sources of Foreign Policy Substitution},
	volume = {49},
	year = {2005}}

@article{clarkreedjop,
	author = {David H. Clark and William Reed},
	date-added = {2024-03-21 11:16:00 -0400},
	date-modified = {2024-03-21 11:16:00 -0400},
	journal = {Journal of Politics},
	number = {1},
	pages = {69-91},
	title = {A Unified Model of War Onset \& Outcomes},
	volume = {65},
	year = {2003}}

@article{clarkreganjcr,
	author = {Clark, David H. and Patrick M. Regan},
	date-added = {2024-03-21 11:14:16 -0400},
	date-modified = {2024-03-21 11:14:16 -0400},
	journal = {Journal of Conflict Resolution},
	number = {1},
	optmonth = {February},
	pages = {94-115},
	title = {Opportunities to Fight: A Statistical Technique for Modeling Unobservable Phenomena},
	volume = {47},
	year = {2003}}

@article{clarkstrategic,
	author = {David H. Clark},
	date-added = {2024-03-21 11:14:16 -0400},
	date-modified = {2024-03-21 11:14:16 -0400},
	journal = {Journal of Politics},
	number = {4},
	pages = {1013-1039},
	title = {Can Strategic Interaction Divert Diversionary Behavior? A Model of US Conflict Propensity},
	volume = {65},
	year = {2003}}

@article{clarksubjcr,
	author = {Clark, David H.},
	date-added = {2024-03-21 11:14:16 -0400},
	date-modified = {2024-03-21 11:14:16 -0400},
	journal = {Journal of Conflict Resolution},
	number = {5},
	optmonth = {October},
	pages = {636-660},
	title = {Trading Butter for Guns: Domestic Imperatives for Foreign Policy Substitution},
	volume = {45},
	year = {2001}}

@article{gamespaper13,
	author = {Katri Sieberg and David H. Clark and Charles Holt and Timothy Nordstrom and William Reed},
	date-added = {2024-03-21 11:14:16 -0400},
	date-modified = {2024-03-21 11:14:16 -0400},
	journal = {Games},
	number = {3},
	pages = {375-397},
	title = {An Experimental Analysis of Asymmetric Power in Conflict Bargaining},
	volume = {4},
	year = {2013}}

@article{piperii,
	author = {Clark, David H. and Robert A. Hart},
	date-added = {2024-03-21 11:14:16 -0400},
	date-modified = {2024-03-21 11:14:16 -0400},
	journal = {International Interactions},
	number = {1},
	pages = {57-82},
	title = {Paying the Piper? The Implications of Social Insurance Payments for Conflict Propensity},
	volume = {29},
	year = {2003}}

@article{rcnwpowerJOP,
	author = {Reed, William and David H. Clark and Timothy Nordstrom and Wonjae Hwang},
	date-added = {2024-03-21 11:14:16 -0400},
	date-modified = {2024-03-21 11:14:16 -0400},
	journal = {Journal of Politics},
	number = {4},
	pages = {1203-1216},
	title = {War, Power, and Bargaining},
	volume = {70},
	year = 2008}

@article{reedclarkii,
	author = {Reed, William and Clark, David H.},
	date-added = {2024-03-21 11:14:16 -0400},
	date-modified = {2024-03-21 11:14:16 -0400},
	journal = {International Interactions},
	number = {1},
	optmonth = {Spring},
	pages = {77-92},
	title = {Toward a Multiprocess Model of Rivalry \& The Democratic Peace},
	volume = {28},
	year = {2002}}

@article{reedclarksim,
	author = {Reed, William and Clark, David H.},
	date-added = {2024-03-21 11:14:16 -0400},
	date-modified = {2024-03-21 11:14:16 -0400},
	journal = {Journal of Conflict Resolution},
	number = {3},
	optmonth = {June},
	pages = {378--395},
	title = {War Initiators and War Winners: The Consequences of Linking Theories of Democratic War Success},
	volume = {44},
	year = {2000}}

@article{reganfrankclarkcmps08,
	author = {Patrick M. Regan and Richard W. Frank and David H. Clark},
	date-added = {2024-03-21 11:14:16 -0400},
	date-modified = {2024-03-21 11:14:16 -0400},
	journal = {Conflict Management and Peace Science},
	number = {3},
	pages = {320-337},
	title = {Political Institutions and Elections: New Datasets},
	volume = {26},
	year = {2009}}

@article{ringquistclarkijpa,
	author = {Ringquist, Evan J. and David H. Clark},
	date-added = {2024-03-21 11:14:16 -0400},
	date-modified = {2024-03-21 11:14:16 -0400},
	journal = {International Journal of Public Administration},
	number = {2 \& 3},
	pages = {351-389},
	title = {Issue Definition and the Politics of State Environmental Justice Policy Adoption},
	volume = {25},
	year = {2002}}

@article{ringquistclarkpub,
	author = {Ringquist, Evan J. and David H. Clark},
	date-added = {2024-03-21 11:14:16 -0400},
	date-modified = {2024-03-21 11:14:16 -0400},
	journal = {Publius: The Journal of Federalism},
	number = {2},
	pages = {73-93},
	title = {Local Risks, States' Rights, and Federal Mandates: Remedying Environmental Inequities in the U.S. Federal System},
	volume = {29},
	year = {1999}}
